<record><leader>00000cas a22000007a 4500</leader><controlfield tag="001">14170593</controlfield><controlfield tag="008">860902d19861986mtuwr ne      0    0eng d</controlfield><datafield ind1=" " ind2=" " tag="010"><subfield code="a">sn 86075310 </subfield></datafield><datafield ind1=" " ind2=" " tag="040"><subfield code="a">MTL</subfield><subfield code="b">eng</subfield><subfield code="c">MTL</subfield><subfield code="d">OCLCQ</subfield></datafield><datafield ind1=" " ind2=" " tag="042"><subfield code="a">msc</subfield></datafield><datafield ind1="0" ind2=" " tag="130"><subfield code="a">North Country news (Sidney, Mont.)</subfield></datafield><datafield ind1="1" ind2="0" tag="245"><subfield code="a">North Country news.</subfield></datafield><datafield ind1=" " ind2=" " tag="260"><subfield code="a">Sidney, Mont. :</subfield><subfield code="b">MonDak Media, Inc.,</subfield><subfield code="c">1986.</subfield></datafield><datafield ind1=" " ind2=" " tag="300"><subfield code="a">1 v. :</subfield><subfield code="b">ill. ;</subfield><subfield code="c">36 cm.</subfield></datafield><datafield ind1=" " ind2=" " tag="310"><subfield code="a">Weekly</subfield></datafield><datafield ind1="0" ind2=" " tag="362"><subfield code="a">Vol. 1, no. 1 (Feb. 19, 1986)-v. 1, no. 7 (Apr. 2, 1986).</subfield></datafield><datafield ind1=" " ind2=" " tag="752"><subfield code="a">United States</subfield><subfield code="b">Montana</subfield><subfield code="c">Richland</subfield><subfield code="d">Sidney.</subfield></datafield></record>